@conference{jurdzinski2000spm,
  title={{Small Progress Measures for Solving Parity Games}},
  author={Jurdzinski, M.},
  booktitle={Proceedings of the 17th Annual Symposium on Theoretical Aspects of Computer Science},
  pages={290--301},
  year={2000},
  organization={Springer-Verlag London, UK}
}

@article{emerson2001mcmu,
  title={{On model checking for the $\mu$-calculus and its fragments}},
  author={Emerson, E.A. and Jutla, C.S. and Sistla, A.P.},
  journal={Theoretical Computer Science},
  volume={258},
  number={1-2},
  pages={491--522},
  year={2001},
  publisher={Elsevier}
}

@conference{voge2000dsi,
  title={{A Discrete Strategy Improvement Algorithm for Solving Parity Games}},
  author={V{\"o}ge, J. and Jurdzinski, M.},
  booktitle={Proceedings of the 12th International Conference on Computer Aided Verification},
  pages={202--215},
  year={2000},
  organization={Springer-Verlag London, UK}
}

@unpublished{vandepool2008,
  title={{A Multi-Core Solver For Parity Games}},
  author={Van de Pol, J., Weber, M.},
  year={2008}
}

@article{wilke1993,
  title={{Alternating Tree Automata, Parity Games, and Modal $\mu$-Calculus}},
  author={Wilke, T.},
  journal={Bulletin of the Belgian Mathematical Society},
  year={2001},
  pages={359â€“-391},
  volume={8},
  number={2}
}

@conference{schewe2008osi,
  title={{An Optimal Strategy Improvement Algorithm for Solving Parity and Payoff Games}},
  author={Schewe, S.},
  booktitle={Proceedings of the 22nd international workshop on Computer Science Logic},
  pages={369--384},
  year={2008},
  organization={Springer}
}
