@article{antonik2009polynomial,
  title={{Polynomial-time under-approximation of winning regions in parity games}},
  author={Antonik, A. and Charlton, N. and Huth, M.},
  journal={Electronic Notes in Theoretical Computer Science},
  volume={225},
  pages={115--139},
  issn={1571-0661},
  year={2009},
  publisher={Elsevier}
}

@article{emerson2001mcmu,
  title={{On model checking for the $\mu$-calculus and its fragments}},
  author={Emerson, E.A. and Jutla, C.S. and Sistla, A.P.},
  journal={Theoretical Computer Science},
  volume={258},
  number={1-2},
  pages={491--522},
  year={2001},
  publisher={Elsevier}
}

@unpublished{friedmann2009splb,
    title={{A Super-Polynomial Lower Bound for the Parity Game Strategy Improvement Algorithm as We Know it}},
    autor={Friedmann, O.},
    year={2009},
    organization={Institut f\"ur Informatik, LMU M\"unchen}
}

@article{friedmann2009solving,
  title={{Solving parity games in practice}},
  author={Friedmann, O. and Lange, M.},
  journal={Automated Technology for Verification and Analysis},
  pages={182--196},
  year={2009},
  publisher={Springer}
}

@conference{jurdzinski2000spm,
  title={{Small Progress Measures for Solving Parity Games}},
  author={Jurdzi{\'n}ski, M.},
  booktitle={Proceedings of the 17th Annual Symposium on Theoretical Aspects of Computer Science},
  pages={290--301},
  year={2000},
  organization={Springer-Verlag London, UK}
}

@conference{jurdzinski2006deterministic,
  title={{A deterministic subexponential algorithm for solving parity games}},
  author={Jurdzi{\'n}ski, M. and Paterson, M. and Zwick, U.},
  booktitle={Proceedings of the seventeenth annual ACM-SIAM symposium on Discrete algorithm},
  pages={117--123},
  isbn={0898716055},
  year={2006},
  organization={ACM}
}

@conference{voege2000discrete,
  title={{A Discrete Strategy Improvement Algorithm for Solving Parity Games}},
  author={V{\"o}ge, J. and Jurdzi{\'n}ski, M.},
  booktitle={Proceedings of the 12th International Conference on Computer Aided Verification},
  pages={202--215},
  year={2000},
  organization={Springer-Verlag London, UK}
}

@mastersthesis{keiren2009,
  author={Keiren, J.J.A},
  title={{An experimental study of algorithms and optimisations for parity games, with an application to Boolean Equation Systems}},
  school={Eindhoven University of Technology},
  year={2009}
}

@conference{kandziora2009ps3,
  author={Kandziora, J.},
  title={{Playing Parity Games on the Playstation 3}},
  year={2009},
  booktitle={{10th Twente Student Conference on IT}}
}

@conference{vanderberg2010ps3,
  author={Van der Berg, F.},
  title={{Solving Parity Games on the Playstation 3}},
  year={2010},
  booktitle={{13th Twente Student Conference on IT}}
}

@article{klarlund1994progress,
  title={{Progress measures, immediate determinacy, and a subset construction for tree automata}},
  author={Klarlund, N.},
  journal={Annals of Pure and Applied Logic},
  volume={69},
  number={2-3},
  pages={243--268},
  issn={0168-0072},
  year={1994},
  publisher={Elsevier}
}

@inproceedings{lange2005sat,
  title={Solving Parity Games by a Reduction to {SAT}},
  author={Lange, M.},
  booktitle={Proc. Int. Workshop on Games in Design and Verification, {GDV'05}},
  editor={R. Majumdar and M. Jurdzi{\'n}ski},
  volume={5},
  year={2005}
}

@inproceedings{lange2005sat,
  title={Solving Parity Games by a Reduction to {SAT}},
  author={Lange, M.},
  booktitle={Proc. Int. Workshop on Games in Design and Verification, {GDV'05}},
  editor={R. Majumdar and M. Jurdzi{\'n}ski},
  volume={5},
  year={2005}
}

@article{heljanko2012sat,
  title={Solving parity games by a reduction to \{SAT\}},
  author = {Keijo Heljanko and Misa Keinänen and Martin Lange and Ilkka Niemelä},
  year={2012},
  journal={Journal of Computer and System Sciences},
  volume={78},
  number={2},
  pages={430-440},
}

@conference{mader1995mmuc,
  title={{Modal $\mu$-Calculus, Model Checking and Gau{\ss} Elimination}},
  author={Mader, A.},
  booktitle={Proceedings of the First International Workshop on Tools and Algorithms for Construction and Analysis of Systems},
  pages={72--88},
  year={1995},
  organization={Springer-Verlag London, UK}
}

@article{martin1975borel,
  jstor_articletype = {research-article},
  title = {Borel Determinacy},
  author = {Martin, Donald A.},
  journal = {The Annals of Mathematics},
  jstor_issuetitle = {},
  volume = {102},
  number = {2},
  series = {Second Series},
  jstor_formatteddate = {Sep., 1975},
  pages = {pp. 363-371},
  url = {http://www.jstor.org/stable/1971035},
  ISSN = {0003486X},
  abstract = {},
  language = {English},
  year = {1975},
  publisher = {Annals of Mathematics},
  copyright = {Copyright © 1975 Annals of Mathematics},
}

@article{mcnaughton1993infinite,
  title={{Infinite games played on finite graphs}},
  author={McNaughton, R.},
  journal={Annals of Pure and Applied Logic},
  volume={65},
  number={2},
  pages={149--184},
  issn={0168-0072},
  year={1993},
  publisher={Elsevier}
}

@conference{piterman2006nondeterministic,
  title={{From nondeterministic Buchi and Streett automata to deterministic parity automata}},
  author={Piterman, N.},
  booktitle={Logic in Computer Science, 2006 21st Annual IEEE Symposium on},
  pages={255--264},
  isbn={0769526314},
  issn={1043-6871},
  year={2006},
  organization={IEEE}
}

@article{schewe2007solving,
  title={{Solving parity games in big steps}},
  author={Schewe, S.},
  journal={FSTTCS 2007: Foundations of Software Technology and Theoretical Computer Science},
  pages={449--460},
  year={2007},
  publisher={Springer}
}

@conference{schewe2008strategy-improvement,
  title={{An Optimal Strategy Improvement Algorithm for Solving Parity and Payoff Games}},
  author={Schewe, S.},
  booktitle={Proceedings of the 22nd international workshop on Computer Science Logic},
  pages={369--384},
  year={2008},
  organization={Springer}
}

@conference{tarjan1971depth,
  title={{Depth-first search and linear graph algorithms}},
  author={Tarjan, R.},
  booktitle={Switching and Automata Theory, 1971., 12th Annual Symposium on},
  pages={114--121},
  year={1971}
}

@article{vandepol2008multicore,
  title={{A multi-core solver for parity games}},
  author={van de Pol, J. and Weber, M.},
  journal={Electronic Notes in Theoretical Computer Science},
  volume={220},
  number={2},
  pages={19--34},
  issn={1571-0661},
  year={2008},
  publisher={Elsevier}
}

@article{wilke1993,
  title={{Alternating Tree Automata, Parity Games, and Modal $\mu$-Calculus}},
  author={Wilke, T.},
  journal={Bulletin of the Belgian Mathematical Society},
  year={2001},
  pages={359–-391},
  volume={8},
  number={2}
}

@article{zielonka1998igf,
  title={{Infinite games on finitely coloured graphs with applications to automata on infinite trees}},
  author={Zielonka, W.},
  journal={Theoretical Computer Science},
  volume={200},
  number={1-2},
  pages={135--183},
  year={1998},
  publisher={Elsevier}
}

@unpublished{friedmann-recursive-lower-bound,
  title={{Recursive Solving Of Parity Games Requires Exponential Time}},
  author={Friedmann, O.},
  note={Unpublished},
  url={http://www2.tcs.ifi.lmu.de/~friedman/papers/recursive_lower_bound.pdf}
}

@article{mattern1987algorithms,
  title={Algorithms for distributed termination detection},
  author={Mattern, Friedemann},
  journal={Distributed computing},
  volume={2},
  number={3},
  pages={161--175},
  year={1987},
  publisher={Springer}
}

@inproceedings{kant2012pbes2pg,
  author    = {Kant, Gijs and
               Van de Pol, Jaco},
  title     = {Efficient Instantiation of Parameterised Boolean Equation
               Systems to Parity Games},
  booktitle = {GRAPHITE},
  year      = {2012},
  pages     = {50-65},
  ee        = {http://dx.doi.org/10.4204/EPTCS.99.7},
  crossref  = {DBLP:journals/corr/abs-1210-6118},
  bibsource = {DBLP, http://dblp.uni-trier.de}
}

@article{jurdzinski1998deciding,
  title={Deciding the winner in parity games is in UP and co-UP},
  author={Jurdzi{\'n}ski, Marcin},
  journal={Information Processing Letters},
  volume={68},
  number={3},
  pages={119--124},
  year={1998},
  publisher={Elsevier}
}

@incollection{bjorklund2003discrete,
  title={A discrete subexponential algorithm for parity games},
  author={Bj{\"o}rklund, Henrik and Sandberg, Sven and Vorobyov, Sergei},
  booktitle={STACS 2003},
  pages={663--674},
  year={2003},
  publisher={Springer}
}

@other{pgsolver,
  author = {Olivier Friedmann and Martin Lange},
  title = {{PGSolver}},
  year = {2013},
  url = {https://github.com/tcsprojects/pgsolver}
}

@other{mlsolver,
  author = {Olivier Friedmann and Martin Lange},
  title = {{MLSolver}},
  year = {2013},
  url = {https://github.com/tcsprojects/mlsolver}
}

@inproceedings{blom2010ltsmin,
  title={{LTSmin: Distributed and symbolic reachability}},
  author={Blom, Stefan and van de Pol, Jaco and Weber, Michael},
  booktitle={Computer Aided Verification},
  pages={354--359},
  year={2010},
  organization={Springer}
}

@inproceedings{groote2008mcrl2,
  title={{The mCRL2 toolset}},
  author={Jan Friso Groote and Jeroen Keiren and Aad Mathijssen and Bas Ploeger and Frank Stappers and Carst Tankink and Yaroslav Usenko and Muck van Weerdenburg and Wieger Wesselink and Tim Willemse and Jeroen van der Wulp},
  booktitle={Proceedings of the 17th Annual Symposium on Theoretical Aspects of Computer Science},
  year={2008},
  organization={Springer}
}

@article{groote2005parameterised,
  title={Parameterised boolean equation systems},
  author={Jan Friso Groote and Tim Willemse},
  journal={Theoretical Computer Science},
  volume={343},
  number={3},
  pages={332--369},
  year={2005},
  publisher={Elsevier}
}

@inproceedings{emerson1991tree,
  title={Tree automata, mu-calculus and determinacy},
  author={Emerson, E Allen and Jutla, Charanjit S},
  booktitle={Foundations of Computer Science, 1991. Proceedings., 32nd Annual Symposium on},
  pages={368--377},
  year={1991},
  organization={IEEE}
}

@book{gradel2003automata,
  title={Automata, logics, and infinite games},
  author={Gradel, Erich and Thomas, Wolfgang and Wilke, Thomas},
  year={2003},
  publisher={Springer}
}

@article{wilke2001alternating,
  title={Alternating Tree Automata, Parity Games, and Modal m-Calculus.},
  author={Wilke, Thomas},
  journal={Bulletin of the Belgian Mathematical Society Simon Stevin},
  volume={8},
  number={2},
  pages={359},
  year={2001},
  publisher={Citeseer}
}

@phdthesis{obdrzalek2006algorithmic,
  title={Algorithmic analysis of parity games},
  author={Obdr{\v z}{\'a}lek, Jan},
  year={2006},
  school={University of Edinburgh}
}

@article{gazda2013zielonka,
  title={Zielonka's Recursive Algorithm: dull, weak and solitaire games and tighter bounds},
  author={Gazda, Maciej and Willemse, Tim AC},
  journal={arXiv preprint arXiv:1307.4465},
  year={2013}
}

@inproceedings{fritz2006simulation,
  title={Simulation relations for alternating parity automata and parity games},
  author={Fritz, Carsten and Wilke, Thomas},
  booktitle={Developments in Language Theory},
  pages={59--70},
  year={2006},
  organization={Springer}
}

@phdthesis{fritz2005simulation,
  title={Simulation-based simplification of omega-automata.},
  author={Fritz, Carsten},
  year={2005},
  school={University of Kiel}
}

@incollection{cranen2011stuttering,
  title={Stuttering mostly speeds up solving parity games},
  author={Cranen, Sjoerd and Keiren, Jeroen JA and Willemse, Tim AC},
  booktitle={NASA Formal Methods},
  pages={207--221},
  year={2011},
  publisher={Springer}
}

@incollection{cranen2012cure,
  title={A cure for stuttering parity games},
  author={Cranen, Sjoerd and Keiren, Jeroen JA and Willemse, Tim AC},
  booktitle={Theoretical Aspects of Computing--ICTAC 2012},
  pages={198--212},
  year={2012},
  publisher={Springer}
}

@incollection{keiren2011bisimulation,
  title={Bisimulation minimisations for boolean equation systems},
  author={Keiren, Jeroen JA and Willemse, Tim AC},
  booktitle={Hardware and Software: Verification and Testing},
  pages={102--116},
  year={2011},
  publisher={Springer}
}

@article{emerson1997model,
  title={Model checking and the mu-calculus},
  author={Emerson, E Allen},
  journal={DIMACS series in discrete mathematics},
  volume={31},
  pages={185--214},
  year={1997}
}
